<record><leader>00000cas a22000007a 4500</leader><controlfield tag="001">22238857</controlfield><controlfield tag="008">900818c19859999mdumr ne      0    0eng d</controlfield><datafield ind1=" " ind2=" " tag="010"><subfield code="a">sn 90057239 </subfield></datafield><datafield ind1=" " ind2=" " tag="040"><subfield code="a">MFN</subfield><subfield code="b">eng</subfield><subfield code="c">MFN</subfield><subfield code="d">OCLCQ</subfield></datafield><datafield ind1=" " ind2=" " tag="042"><subfield code="a">msc</subfield></datafield><datafield ind1="0" ind2=" " tag="130"><subfield code="a">Darlington times (Darlington, Md. : 1985)</subfield></datafield><datafield ind1="1" ind2="0" tag="245"><subfield code="a">Darlington times.</subfield></datafield><datafield ind1=" " ind2=" " tag="260"><subfield code="a">Darlington, Md. :</subfield><subfield code="b">[Ltd. Editions Press]</subfield></datafield><datafield ind1=" " ind2=" " tag="300"><subfield code="a">v.</subfield></datafield><datafield ind1=" " ind2=" " tag="310"><subfield code="a">Monthly,</subfield><subfield code="b">&lt;June 1986&gt;-</subfield></datafield><datafield ind1=" " ind2=" " tag="321"><subfield code="a">Quarterly,</subfield><subfield code="b">&lt;Apr. 19-Nov. 1985&gt;</subfield></datafield><datafield ind1=" " ind2=" " tag="500"><subfield code="a">Issue for June 1986 states frequency as 1st of Apr., June, Aug., Oct., Dec. but frequency is actually monthly.</subfield></datafield><datafield ind1=" " ind2=" " tag="588"><subfield code="a">Description based on: Vol. 1, no. 2 (Apr. 19, 1985).</subfield></datafield><datafield ind1=" " ind2=" " tag="752"><subfield code="a">United States</subfield><subfield code="b">Maryland</subfield><subfield code="c">Harford</subfield><subfield code="d">Darlington.</subfield></datafield></record>